<?xml version="1.0" encoding="UTF-8"?>
<collection xmlns="http://www.loc.gov/MARC21/slim">
    
    <!-- SUDOC -->

<!--  
    E 1.1:
    Y 1.1:M 29
    I 19.2:AL/7/2
    A 1.2:C 76/5/FACTA 1
    HE 1.2:EL 2/976-77
-->
    
    <!-- BRIT-DOCS location, LC call number -->
    <record>
        <leader>01139cam a2200229 i 4500</leader>
        <controlfield tag="001">abrit</controlfield>
        <controlfield tag="008">790220||||||||||||           ||| | eng  </controlfield>
        <datafield tag="245" ind1="1" ind2="2">
            <subfield code="a">BRIT-DOCS location</subfield>
        </datafield>
        <datafield tag="999" ind1=" " ind2=" ">
            <subfield code="a">Z3871.Z8</subfield>
            <subfield code="w">LC</subfield>
            <subfield code="c">1</subfield>
            <subfield code="i">36105082101390</subfield>
            <subfield code="d">8/7/1996</subfield>
            <subfield code="l">BRIT-DOCS</subfield>
            <subfield code="m">GREEN</subfield>
            <subfield code="p">$40.00</subfield>
            <subfield code="r">Y</subfield>
            <subfield code="s">Y</subfield>
            <subfield code="t">STKS-MONO</subfield>
            <subfield code="u">2/20/1979</subfield>
            <subfield code="o">.TECHSTAFF. tf:HOOVER 06/29/05 batch</subfield>
            <subfield code="o">.TECHSTAFF. 911019</subfield>
        </datafield>
    </record>