
    <!-- CALIF-DOCS location, SUDOC -->
    <record>
        <leader>01139cam a2200229 i 4500</leader>
        <controlfield tag="001">acalif</controlfield>
        <controlfield tag="008">790220||||||||||||           ||| | eng  </controlfield>
        <datafield tag="245" ind1="1" ind2="2">
            <subfield code="a">CALIF-DOCS location</subfield>
        </datafield>
        <datafield tag="999" ind1=" " ind2=" ">
            <subfield code="a">E 1.28:COO-4274-1</subfield>
            <subfield code="w">SUDOC</subfield>
            <subfield code="c">1</subfield>
            <subfield code="i">001AMR5851</subfield>
            <subfield code="d">11/22/1998</subfield>
            <subfield code="l">CALIF-DOCS</subfield>
            <subfield code="m">GREEN</subfield>
            <subfield code="p">$40.00</subfield>
            <subfield code="r">Y</subfield>
            <subfield code="s">Y</subfield>
            <subfield code="t">GOVSTKS</subfield>
            <subfield code="u">5/20/1979</subfield>
            <subfield code="x">MARCIVE</subfield>
            <subfield code="o">.TECHSTAFF. tf:GOV-DOCS 11/98 batch</subfield>
        </datafield>
    </record>