
    <!-- FED-DOCS location, SUDOC -->
    <record>
        <leader>01139cam a2200229 i 4500</leader>
        <controlfield tag="001">afed</controlfield>
        <controlfield tag="008">790220||||||||||||           ||| | eng  </controlfield>
        <datafield tag="245" ind1="1" ind2="2">
            <subfield code="a">FED-DOCS location</subfield>
        </datafield>
        <datafield tag="999" ind1=" " ind2=" ">
        <subfield code="a">GA 1.13:RCED-85-88</subfield>
        <subfield code="w">SUDOC</subfield>
        <subfield code="c">1</subfield>
        <subfield code="i">001ANE5736</subfield>
        <subfield code="d">11/27/1998</subfield>
        <subfield code="l">FED-DOCS</subfield>
        <subfield code="m">GREEN</subfield>
        <subfield code="p">$40.00</subfield>
        <subfield code="r">Y</subfield>
        <subfield code="s">Y</subfield>
        <subfield code="t">GOVSTKS</subfield>
        <subfield code="u">7/19/1985</subfield>
        <subfield code="x">MARCIVE</subfield>
        <subfield code="o">.TECHSTAFF. tf:GOV-DOCS 11/98 batch</subfield>
    </datafield>
    </record>