
    <!-- INTL-DOCS location, SUDOC -->
    <record>
        <leader>01139cam a2200229 i 4500</leader>
        <controlfield tag="001">aintl</controlfield>
        <controlfield tag="008">790220||||||||||||           ||| | eng  </controlfield>
        <datafield tag="245" ind1="1" ind2="2">
            <subfield code="a">INTL-DOCS location</subfield>
        </datafield>
        <datafield tag="999" ind1=" " ind2=" ">
            <subfield code="a">ITC 1.15/3:</subfield>
            <subfield code="w">SUDOC</subfield>
            <subfield code="c">1</subfield>
            <subfield code="i">4114632-1001</subfield>
            <subfield code="d">7/12/1999</subfield>
            <subfield code="l">INTL-DOCS</subfield>
            <subfield code="m">GREEN</subfield>
            <subfield code="r">Y</subfield>
            <subfield code="s">Y</subfield>
            <subfield code="t">GOVSTKS</subfield>
            <subfield code="u">7/12/1999</subfield>
            <subfield code="x">MARCIVE</subfield>
        </datafield>
    </record>