
    <!-- SSRC-DOCS location, SUDOC -->
    <record>
        <leader>01139cam a2200229 i 4500</leader>
        <controlfield tag="001">assrcdocs</controlfield>
        <controlfield tag="008">790220||||||||||||           ||| | eng  </controlfield>
        <datafield tag="245" ind1="1" ind2="2">
            <subfield code="a">SSRC-DOCS location</subfield>
        </datafield>
        <datafield tag="999" ind1=" " ind2=" ">
            <subfield code="a">NAS 1.26:205100</subfield>
            <subfield code="w">SUDOC</subfield>
            <subfield code="c">1</subfield>
            <subfield code="i">4258089-1001</subfield>
            <subfield code="l">SSRC-DOCS</subfield>
            <subfield code="m">GREEN</subfield>
            <subfield code="r">Y</subfield>
            <subfield code="s">Y</subfield>
            <subfield code="t">GOVSTKS</subfield>
            <subfield code="u">11/11/1999</subfield>
            <subfield code="x">MARCIVE</subfield>
        </datafield>
    </record>